@article{Tree-SHAP,
  author={Scott M. Lundberg, Gabriel G. Erion and Su-In Lee},
  title={Consistent Individualized Feature Attribution for Tree Ensembles}, 
  year={2018}
}

@article{Interpreting-Model-Predictions,
  author={Scott M. Lundberg and Su-In Lee},
  title={A Unified Approach to Interpreting Model Predictions}, 
  year={2017}
}

@article{Explainable-AI-for-Trees,
  author={Scott M. Lundberg et al.},
  title={Explainable AI for Trees: From Local Explanations to Global Understanding}, 
  year={2019}
}

@article{DeepLIFT,
  author={Avanti Shrikumar - Peyton Greenside - Anshul Kundaje},
  title={Learning Important Features Through Propagating Activation Differences}, 
  year={2019}
}

@online{scikit-learn/Cross-validation,
    author = "Scott Lundberg",
    title = "An introduction to explainable AI with Shapley values",
    url = "https://shap.readthedocs.io/en/latest/example_notebooks/overviews/An%20introduction%20to%20explainable%20AI%20with%20Shapley%20values.html"
}

@online{InterpretableMLShapley,
    author = "Christoph Molnar",
    title = "Interpretable ML book - Chapter 5.9: Shapley Values (2021)",
    url = "https://christophm.github.io/interpretable-ml-book/shapley.html"
}

@online{InterpretableMLShap,
    author = "Christoph Molnar",
    title = "Interpretable ML book - Chapter 5.10: Shap (2021)",
    url = "https://christophm.github.io/interpretable-ml-book/shap.html"
}

@online{InterpretableMLKernelShap,
    author = "Christoph Molnar",
    title = "Interpretable ML book - Chapter 5.10: Kernel Shap (2021)",
    url = "https://christophm.github.io/interpretable-ml-book/shap.html#kernelshap"
}

@online{InterpretableMLTreeShap,
    author = "Christoph Molnar",
    title = "Interpretable ML book - Chapter 5.10: Tree Shap (2021)",
    url = "https://christophm.github.io/interpretable-ml-book/shap.html#treeshap"
}

@online{TreeShapExampleNotebook,
    author = "Janis Klaise \& Alexandru Coca",
    title = "Tree SHAP/Theoretical overview",
    url = "https://github.com/SeldonIO/alibi/blob/a8efe1bdd8164bef28c3c22687caf4231ce587a5/doc/source/methods/TreeSHAP.ipynb"
}

@online{TreeShapBlog,
    author = "Hugh Chen \& Scott Lundberg \& Su-In Lee",
    title = "Understanding Shapley value explanation algorithms for trees",
    url = "https://hughchen.github.io/its_blog/index.html"
}

@inproceedings{shrikumar2017learning,
  title={Learning important features through propagating activation differences},
  author={Shrikumar, Avanti and Greenside, Peyton and Kundaje, Anshul},
  booktitle={International Conference on Machine Learning},
  pages={3145--3153},
  year={2017},
  organization={PMLR}
}

@online{ShapPython,
    author = "Scott Lundberg",
    title = "Shap Python package",
    url = "https://github.com/slundberg/shap"
}

@online{ExampleNotebooks,
    author = "Andrea Masi \& Victor Badenas",
    title = "Google Drive notebook repositories",
    url = "https://drive.google.com/drive/folders/1oNLP-BD9QhU7RIF0OIavjRBHBIdt2kmW?usp=sharing"
}

@incollection{NIPS2017_7062,
    title = {A Unified Approach to Interpreting Model Predictions},
    author = {Lundberg, Scott M and Lee, Su-In},
    booktitle = {Advances in Neural Information Processing Systems 30},
    editor = {I. Guyon and U. V. Luxburg and S. Bengio and H. Wallach and R. Fergus and S. Vishwanathan and R. Garnett},
    pages = {4765--4774},
    year = {2017},
    publisher = {Curran Associates, Inc.},
    url = {http://papers.nips.cc/paper/7062-a-unified-approach-to-interpreting-model-predictions.pdf}
}

@article{lundberg2020local2global,
  title={From local explanations to global understanding with explainable AI for trees},
  author={Lundberg, Scott M. and Erion, Gabriel and Chen, Hugh and DeGrave, Alex and Prutkin, Jordan M. and Nair, Bala and Katz, Ronit and Himmelfarb, Jonathan and Bansal, Nisha and Lee, Su-In},
  journal={Nature Machine Intelligence},
  volume={2},
  number={1},
  pages={2522-5839},
  year={2020},
  publisher={Nature Publishing Group}
}

@article{lundberg2018explainable,
  title={Explainable machine-learning predictions for the prevention of hypoxaemia during surgery},
  author={Lundberg, Scott M and Nair, Bala and Vavilala, Monica S and Horibe, Mayumi and Eisses, Michael J and Adams, Trevor and Liston, David E and Low, Daniel King-Wai and Newman, Shu-Fang and Kim, Jerry and others},
  journal={Nature Biomedical Engineering},
  volume={2},
  number={10},
  pages={749},
  year={2018},
  publisher={Nature Publishing Group}
}